@misc{Wiki2025,
  author = {{Wikipedia contributors}},
  title  = {Connect Four --- Wikipedia{,} The Free Encyclopedia},
  year   = {2025},
  month  = apr # {~5},
  url    = {https://en.wikipedia.org/wiki/Connect_Four},
  note   = {Accessed: 2025-04-05}
}

@article{Watkins1992,
  author  = {Watkins, Christopher J. C. H. and Dayan, Peter},
  title   = {$Q$-learning},
  journal = {Machine Learning},
  volume  = {8},
  number  = {3-4},
  pages   = {279--292},
  year    = {1992}
}

@book{Sutton2018,
  author    = {Sutton, Richard S. and Barto, Andrew G.},
  title     = {Reinforcement Learning: An Introduction},
  publisher = {MIT Press},
  address   = {Cambridge, MA},
  edition   = {2nd},
  year      = {2018}
}

@article{Tesauro1995,
  author  = {Tesauro, Gerald},
  title   = {Temporal Difference Learning and TD-Gammon},
  journal = {Communications of the ACM},
  volume  = {38},
  number  = {3},
  pages   = {58--68},
  year    = {1995}
}

@article{Silver2018,
  author  = {Silver, David and Hubert, Thomas and Schrittwieser, Julian and Antonoglou, Ioannis and Lai, Matthew and Guez, Arthur and Lanctot, Marc and Sifre, Laurent and Kumaran, Dharshan and Graepel, Thore and Lillicrap, Timothy and Simonyan, Karen and Hassabis, Demis},
  title   = {A general reinforcement learning algorithm that masters chess, shogi, and Go through self-play},
  journal = {Science},
  volume  = {362},
  number  = {6419},
  pages   = {1140--1144},
  year    = {2018}
}